@techreport{Smith2019,
author = {Smith, R.},
file = {:home/montimaj/Documents/MST/full{\_}proposal{\_}doc.pdf:pdf},
mendeley-groups = {MST},
title = {{Scientific/Technical/Management Plan: Assessing Groundwater Withdrawals using Radar and Passive Remote Sensing}},
year = {2019},
institution={Missouri University of Science and Technology, USA}
}

@misc{Wikipedia,
author = {Wikipedia},
mendeley-groups = {MST},
title = {{Aquifer}},
note = {Available at \url{https://en.wikipedia.org/wiki/Aquifer}}
}

